<?xml version="1.0" encoding="UTF-8"?><collection xmlns="http://www.loc.gov/MARC21/slim"><record><leader>00380nam--2200121-i-4500</leader><controlfield tag="001">000043321</controlfield><controlfield tag="002">20161230</controlfield><controlfield tag="005">20161230201044</controlfield><controlfield tag="008">060222s1000------------r-----000-0-eng-d</controlfield><datafield ind1=" " ind2=" " tag="245"><subfield code="a">Symopsium on applied radiation and radiation and radioisotope test methods</subfield></datafield><datafield ind1=" " ind2=" " tag="260"><subfield code="a">Philadelphia, Amer.Soc.For Test.Mater.,1960. V+112 P</subfield></datafield><datafield ind1=" " ind2=" " tag="490"><subfield code="a">Third Pacific Area Meeting Paprs</subfield></datafield><datafield ind1=" " ind2=" " tag="852"><subfield code="a">18283</subfield></datafield></record></collection>